@article{kokhlikyan2020captum,
  title={Captum: A unified and generic model interpretability library for pytorch},
  author={Kokhlikyan, Narine and Miglani, Vivek and Martin, Miguel and Wang, Edward and Alsallakh, Bilal and Reynolds, Jonathan and Melnikov, Alexander and Kliushkina, Natalia and Araya, Carlos and Yan, Siqi and others},
  journal={arXiv preprint arXiv:2009.07896},
  year={2020}
}

@incollection{NEURIPS2019_9015,
title = {PyTorch: An Imperative Style, High-Performance Deep Learning Library},
author = {Paszke, Adam and Gross, Sam and Massa, Francisco and Lerer, Adam and Bradbury, James and Chanan, Gregory and Killeen, Trevor and Lin, Zeming and Gimelshein, Natalia and Antiga, Luca and Desmaison, Alban and Kopf, Andreas and Yang, Edward and DeVito, Zachary and Raison, Martin and Tejani, Alykhan and Chilamkurthy, Sasank and Steiner, Benoit and Fang, Lu and Bai, Junjie and Chintala, Soumith},
booktitle = {Advances in Neural Information Processing Systems 32},
pages = {8024--8035},
year = {2019},
publisher = {Curran Associates, Inc.},
url = {http://papers.neurips.cc/paper/9015-pytorch-an-imperative-style-high-performance-deep-learning-library.pdf}
}

@software{Falcon_PyTorch_Lightning_2019,
author = {Falcon, William and {The PyTorch Lightning team}},
doi = {10.5281/zenodo.3828935},
license = {Apache-2.0},
month = mar,
title = {{PyTorch Lightning}},
url = {https://github.com/Lightning-AI/lightning},
version = {1.4},
year = {2019}
}
